@misc{prog:pylef,
    title = {{pylef, Python package}},
    year = {2017},
    author = {{Gustavo Wiederhecker}},
    url = {https://github.com/gwiederhecker/pylef}
}
